@incollection{ricci2011introduction,
	title={Introduction to recommender systems handbook},
	author={Ricci, Francesco and Rokach, Lior and Shapira, Bracha},
	booktitle={Recommender systems handbook},
	pages={1--35},
	year={2011},
	publisher={Springer}
}

@inproceedings{yang2013cqarank,
	title={Cqarank: jointly model topics and expertise in community question answering},
	author={Yang, Liu and Qiu, Minghui and Gottipati, Swapna and Zhu, Feida and Jiang, Jing and Sun, Huiping and Chen, Zhong},
	booktitle={Proceedings of the 22nd ACM international conference on Information \& Knowledge Management},
	pages={99--108},
	year={2013},
	organization={ACM}
}

@inproceedings{lin1998information,
	title={An information-theoretic definition of similarity.},
	author={Lin, Dekang and others},
	booktitle={Icml},
	volume={98},
	number={1998},
	pages={296--304},
	year={1998},
	organization={Citeseer}
}

@article{anuyah2017can,
	title={Can Readability Enhance Recommendations on Community Question Answering Sites?},
	author={Anuyah, Oghenemaro and Azpiazu, Ion Madrazo and McNeill, David and Pera, Maria Soledad},
	year={2017}
}

@article{adomavicius2005toward,
	title={Toward the next generation of recommender systems: A survey of the state-of-the-art and possible extensions},
	author={Adomavicius, Gediminas and Tuzhilin, Alexander},
	journal={IEEE transactions on knowledge and data engineering},
	volume={17},
	number={6},
	pages={734--749},
	year={2005},
	publisher={IEEE}
}

@book{baeza1999modern,
	title={Modern information retrieval},
	author={Baeza-Yates, Ricardo and Ribeiro-Neto, Berthier and others},
	volume={463},
	year={1999},
	publisher={ACM press New York}
}

@article{li2006sentence,
	title={Sentence similarity based on semantic nets and corpus statistics},
	author={Li, Yuhua and McLean, David and Bandar, Zuhair A and O'shea, James D and Crockett, Keeley},
	journal={IEEE transactions on knowledge and data engineering},
	volume={18},
	number={8},
	pages={1138--1150},
	year={2006},
	publisher={IEEE}
}

@article{luhn1960key,
	title={Key word-in-context index for technical literature (kwic index)},
	author={Luhn, Hans Peter},
	journal={Journal of the Association for Information Science and Technology},
	volume={11},
	number={4},
	pages={288--295},
	year={1960},
	publisher={Wiley Online Library}
}

@book{leskovec2014mining,
	title={Mining of massive datasets},
	author={Leskovec, Jure and Rajaraman, Anand and Ullman, Jeffrey David},
	year={2014},
	publisher={Cambridge university press}
}

@article{fred2005combining,
	title={Combining multiple clusterings using evidence accumulation},
	author={Fred, Ana LN and Jain, Anil K},
	journal={IEEE transactions on pattern analysis and machine intelligence},
	volume={27},
	number={6},
	pages={835--850},
	year={2005},
	publisher={IEEE}
}

@article{strehl33knowledge,
	title={Knowledge reuse framework for combining multiple partitions},
	author={Strehl, A and Chosh, J},
	journal={Journal of Machine learning Research},
	volume={33},
	number={3},
	pages={583--617},
	year={2002}
}

@article{mikolov2013efficient,
	title={Efficient estimation of word representations in vector space},
	author={Mikolov, Tomas and Chen, Kai and Corrado, Greg and Dean, Jeffrey},
	journal={arXiv preprint arXiv:1301.3781},
	year={2013}
}

@article{joulin2016fasttext,
	title={Fasttext. zip: Compressing text classification models},
	author={Joulin, Armand and Grave, Edouard and Bojanowski, Piotr and Douze, Matthijs and J{\'e}gou, H{\'e}rve and Mikolov, Tomas},
	journal={arXiv preprint arXiv:1612.03651},
	year={2016}
}

@inproceedings{de2016mineria,
	title={Miner{\'\i}a de datos aplicada a datos masivos},
	author={De Battista, Anabella and Cristaldo, Patricia and Ramos, Lautaro and Nunez, Juan Pablo and Retamar, Soledad and Bouzenard, Daniel and Herrera, Norma Edith},
	booktitle={XVIII Workshop de Investigadores en Ciencias de la Computaci{\'o}n (WICC 2016, Entre R{\'\i}os, Argentina)},
	year={2016}
}

@article{fan2013mining,
	title={Mining big data: current status, and forecast to the future},
	author={Fan, Wei and Bifet, Albert},
	journal={ACM sIGKDD Explorations Newsletter},
	volume={14},
	number={2},
	pages={1--5},
	year={2013},
	publisher={ACM}
}

@article{resnick1997recommender,
	title={Recommender systems},
	author={Resnick, Paul and Varian, Hal R},
	journal={Communications of the ACM},
	volume={40},
	number={3},
	pages={56--58},
	year={1997},
	publisher={ACM}
}

@article{goldberg1992using,
	title={Using collaborative filtering to weave an information tapestry},
	author={Goldberg, David and Nichols, David and Oki, Brian M and Terry, Douglas},
	journal={Communications of the ACM},
	volume={35},
	number={12},
	pages={61--70},
	year={1992},
	publisher={ACM}
}

@article{eppler2004concept,
	title={The concept of information overload: A review of literature from organization science, accounting, marketing, MIS, and related disciplines},
	author={Eppler, Martin J and Mengis, Jeanne},
	journal={The information society},
	volume={20},
	number={5},
	pages={325--344},
	year={2004},
	publisher={Taylor \& Francis}
}

@article{rich1979user,
	title={User modeling via stereotypes},
	author={Rich, Elaine},
	journal={Cognitive science},
	volume={3},
	number={4},
	pages={329--354},
	year={1979},
	publisher={Wiley Online Library}
}

@book{powell1981approximation,
	title={Approximation theory and methods},
	author={Powell, Michael James David},
	year={1981},
	publisher={Cambridge university press}
}

@article{salton1989automatic,
	title={Automatic text processing: The transformation, analysis, and retrieval of},
	author={Salton, Gerard},
	journal={Reading: Addison-Wesley},
	year={1989}
}

@book{armstrong2001principles,
	title={Principles of forecasting: a handbook for researchers and practitioners},
	author={Armstrong, Jon Scott},
	volume={30},
	year={2001},
	publisher={Springer Science \& Business Media}
}

@article{murthi2003role,
	title={The role of the management sciences in research on personalization},
	author={Murthi, BPS and Sarkar, Sumit},
	journal={Management Science},
	volume={49},
	number={10},
	pages={1344--1362},
	year={2003},
	publisher={INFORMS}
}

@article{lilien1992marketing,
	title={Marketing models Prentice-Hall},
	author={Lilien, GL and Kotler, P and Moorthy, KS},
	journal={Englewood Cliffs, NJ},
	year={1992}
}

@inproceedings{li2010routing,
	title={Routing questions to appropriate answerers in community question answering services},
	author={Li, Baichuan and King, Irwin},
	booktitle={Proceedings of the 19th ACM international conference on Information and knowledge management},
	pages={1585--1588},
	year={2010},
	organization={ACM}
}

@inproceedings{jeon2006framework,
	title={A framework to predict the quality of answers with non-textual features},
	author={Jeon, Jiwoon and Croft, W Bruce and Lee, Joon Ho and Park, Soyeon},
	booktitle={Proceedings of the 29th annual international ACM SIGIR conference on Research and development in information retrieval},
	pages={228--235},
	year={2006},
	organization={ACM}
}

@inproceedings{vozalis2003analysis,
	title={Analysis of recommender systems algorithms},
	author={Vozalis, Emmanouil and Margaritis, Konstantinos G},
	booktitle={The 6th Hellenic European Conference on Computer Mathematics \& its Applications},
	pages={732--745},
	year={2003}
}

@article{salton5mcgill,
	title={Introduction to modern information retrieval},
	author={Salton, G and McGill, M J},
	journal={International Student Edition},
	year={1983}
}

@book{schutze2008introduction,
	title={Introduction to information retrieval},
	author={Sch{\"u}tze, Hinrich and Manning, Christopher D and Raghavan, Prabhakar},
	volume={39},
	year={2008},
	publisher={Cambridge University Press}
}

@article{resnik1995using,
	title={Using information content to evaluate semantic similarity in a taxonomy},
	author={Resnik, Philip},
	journal={arXiv preprint cmp-lg/9511007},
	year={1995}
}

@article{manyika2011big,
	title={Big data: The next frontier for innovation, competition, and productivity},
	author={Manyika, James and Chui, Michael and Brown, Brad and Bughin, Jacques and Dobbs, Richard and Roxburgh, Charles and Byers, Angela H},
	year={2011}
}

@article{copeland2004colossus,
	title={Colossus: Its origins and originators},
	author={Copeland, B Jack},
	journal={IEEE Annals of the History of Computing},
	number={4},
	pages={38--45},
	year={2004},
	publisher={IEEE}
}

@article{codd1970relational,
	title={A relational model of data for large shared data banks},
	author={Codd, Edgar F},
	journal={Communications of the ACM},
	volume={13},
	number={6},
	pages={377--387},
	year={1970},
	publisher={ACM}
}

@article{devlin1988architecture,
	title={An architecture for a business and information system},
	author={Devlin, Barry A. and Murphy, Paul T.},
	journal={IBM systems Journal},
	volume={27},
	number={1},
	pages={60--80},
	year={1988},
	publisher={IBM}
}

@article{berners1992world,
	title={World-wide web},
	author={Berners-Lee, Timothy J and Cailliau, Robert},
	year={1992},
	publisher={CERN}
}
@article{morris2003evolution,
	title={The evolution of storage systems},
	author={Morris, Robert JT and Truskowski, Brian J},
	journal={IBM systems Journal},
	volume={42},
	number={2},
	pages={205--217},
	year={2003},
	publisher={IBM}
}

@inproceedings{cox1997application,
	title={Application-controlled demand paging for out-of-core visualization},
	author={Cox, Michael and Ellsworth, David},
	booktitle={Visualization'97., Proceedings},
	pages={235--244},
	year={1997},
	organization={IEEE}
}

@article{coffman1998size,
	title={The size and growth rate of the Internet},
	author={Coffman, Kerry G and Odlyzko, Andrew M},
	journal={First Monday},
	volume={3},
	number={10},
	pages={l--25},
	year={1998},
	publisher={Citeseer}
}

@article{laney20013d,
	title={3D data management: Controlling data volume, velocity and variety},
	author={Laney, Doug},
	journal={META group research note},
	volume={6},
	number={70},
	pages={1},
	year={2001}
}

@article{hoch2001software,
	title={Software as a service: Strategic backgrounder},
	author={Hoch, Fred and Kerr, Michael and Griffith, Anne and others},
	journal={Software \& Information Industry Association (SIIA)},
	year={2001}
}

@misc{bryant2008big,
	title={Big-data computing: creating revolutionary breakthroughs in commerce, science and society},
	author={Bryant, Randal and Katz, Randy H and Lazowska, Edward D},
	year={2008},
	publisher={December}
}

@article{gandomi2015beyond,
	title={Beyond the hype: Big data concepts, methods, and analytics},
	author={Gandomi, Amir and Haider, Murtaza},
	journal={International Journal of Information Management},
	volume={35},
	number={2},
	pages={137--144},
	year={2015},
	publisher={Elsevier}
}

