@incollection{ricci2011introduction,
	title={Introduction to recommender systems handbook},
	author={Ricci, Francesco and Rokach, Lior and Shapira, Bracha},
	booktitle={Recommender systems handbook},
	pages={1--35},
	year={2011},
	publisher={Springer}
}

@inproceedings{yang2013cqarank,
	title={Cqarank: jointly model topics and expertise in community question answering},
	author={Yang, Liu and Qiu, Minghui and Gottipati, Swapna and Zhu, Feida and Jiang, Jing and Sun, Huiping and Chen, Zhong},
	booktitle={Proceedings of the 22nd ACM international conference on Information \& Knowledge Management},
	pages={99--108},
	year={2013},
	organization={ACM}
}

@inproceedings{lin1998information,
	title={An information-theoretic definition of similarity.},
	author={Lin, Dekang and others},
	booktitle={Icml},
	volume={98},
	number={1998},
	pages={296--304},
	year={1998},
	organization={Citeseer}
}

@article{anuyah2017can,
	title={Can Readability Enhance Recommendations on Community Question Answering Sites?},
	author={Anuyah, Oghenemaro and Azpiazu, Ion Madrazo and McNeill, David and Pera, Maria Soledad},
	year={2017}
}

@article{adomavicius2005toward,
	title={Toward the next generation of recommender systems: A survey of the state-of-the-art and possible extensions},
	author={Adomavicius, Gediminas and Tuzhilin, Alexander},
	journal={IEEE transactions on knowledge and data engineering},
	volume={17},
	number={6},
	pages={734--749},
	year={2005},
	publisher={IEEE}
}

@book{baeza1999modern,
	title={Modern information retrieval},
	author={Baeza-Yates, Ricardo and Ribeiro-Neto, Berthier and others},
	volume={463},
	year={1999},
	publisher={ACM press New York}
}

@article{li2006sentence,
	title={Sentence similarity based on semantic nets and corpus statistics},
	author={Li, Yuhua and McLean, David and Bandar, Zuhair A and O'shea, James D and Crockett, Keeley},
	journal={IEEE transactions on knowledge and data engineering},
	volume={18},
	number={8},
	pages={1138--1150},
	year={2006},
	publisher={IEEE}
}

@article{luhn1960key,
	title={Key word-in-context index for technical literature (kwic index)},
	author={Luhn, Hans Peter},
	journal={Journal of the Association for Information Science and Technology},
	volume={11},
	number={4},
	pages={288--295},
	year={1960},
	publisher={Wiley Online Library}
}

@book{leskovec2014mining,
	title={Mining of massive datasets},
	author={Leskovec, Jure and Rajaraman, Anand and Ullman, Jeffrey David},
	year={2014},
	publisher={Cambridge university press}
}

@article{fred2005combining,
	title={Combining multiple clusterings using evidence accumulation},
	author={Fred, Ana LN and Jain, Anil K},
	journal={IEEE transactions on pattern analysis and machine intelligence},
	volume={27},
	number={6},
	pages={835--850},
	year={2005},
	publisher={IEEE}
}

@article{strehl33knowledge,
	title={Knowledge reuse framework for combining multiple partitions},
	author={Strehl, A and Chosh, J},
	journal={Journal of Machine learning Research},
	volume={33},
	number={3},
	pages={583--617},
	year={2002}
}

@article{mikolov2013efficient,
	title={Efficient estimation of word representations in vector space},
	author={Mikolov, Tomas and Chen, Kai and Corrado, Greg and Dean, Jeffrey},
	journal={arXiv preprint arXiv:1301.3781},
	year={2013}
}

@article{joulin2016fasttext,
	title={Fasttext. zip: Compressing text classification models},
	author={Joulin, Armand and Grave, Edouard and Bojanowski, Piotr and Douze, Matthijs and J{\'e}gou, H{\'e}rve and Mikolov, Tomas},
	journal={arXiv preprint arXiv:1612.03651},
	year={2016}
}

@inproceedings{de2016mineria,
	title={Miner{\'\i}a de datos aplicada a datos masivos},
	author={De Battista, Anabella and Cristaldo, Patricia and Ramos, Lautaro and Nunez, Juan Pablo and Retamar, Soledad and Bouzenard, Daniel and Herrera, Norma Edith},
	booktitle={XVIII Workshop de Investigadores en Ciencias de la Computaci{\'o}n (WICC 2016, Entre R{\'\i}os, Argentina)},
	year={2016}
}

@article{fan2013mining,
	title={Mining big data: current status, and forecast to the future},
	author={Fan, Wei and Bifet, Albert},
	journal={ACM sIGKDD Explorations Newsletter},
	volume={14},
	number={2},
	pages={1--5},
	year={2013},
	publisher={ACM}
}

@article{resnick1997recommender,
	title={Recommender systems},
	author={Resnick, Paul and Varian, Hal R},
	journal={Communications of the ACM},
	volume={40},
	number={3},
	pages={56--58},
	year={1997},
	publisher={ACM}
}

@article{goldberg1992using,
	title={Using collaborative filtering to weave an information tapestry},
	author={Goldberg, David and Nichols, David and Oki, Brian M and Terry, Douglas},
	journal={Communications of the ACM},
	volume={35},
	number={12},
	pages={61--70},
	year={1992},
	publisher={ACM}
}

@article{eppler2004concept,
	title={The concept of information overload: A review of literature from organization science, accounting, marketing, MIS, and related disciplines},
	author={Eppler, Martin J and Mengis, Jeanne},
	journal={The information society},
	volume={20},
	number={5},
	pages={325--344},
	year={2004},
	publisher={Taylor \& Francis}
}

@article{rich1979user,
	title={User modeling via stereotypes},
	author={Rich, Elaine},
	journal={Cognitive science},
	volume={3},
	number={4},
	pages={329--354},
	year={1979},
	publisher={Wiley Online Library}
}

@book{powell1981approximation,
	title={Approximation theory and methods},
	author={Powell, Michael James David},
	year={1981},
	publisher={Cambridge university press}
}

@article{salton1989automatic,
	title={Automatic text processing: The transformation, analysis, and retrieval of},
	author={Salton, Gerard},
	journal={Reading: Addison-Wesley},
	year={1989}
}

@book{armstrong2001principles,
	title={Principles of forecasting: a handbook for researchers and practitioners},
	author={Armstrong, Jon Scott},
	volume={30},
	year={2001},
	publisher={Springer Science \& Business Media}
}

@article{murthi2003role,
	title={The role of the management sciences in research on personalization},
	author={Murthi, BPS and Sarkar, Sumit},
	journal={Management Science},
	volume={49},
	number={10},
	pages={1344--1362},
	year={2003},
	publisher={INFORMS}
}

@article{lilien1992marketing,
	title={Marketing models Prentice-Hall},
	author={Lilien, GL and Kotler, P and Moorthy, KS},
	journal={Englewood Cliffs, NJ},
	year={1992}
}

@inproceedings{li2010routing,
	title={Routing questions to appropriate answerers in community question answering services},
	author={Li, Baichuan and King, Irwin},
	booktitle={Proceedings of the 19th ACM international conference on Information and knowledge management},
	pages={1585--1588},
	year={2010},
	organization={ACM}
}

@inproceedings{jeon2006framework,
	title={A framework to predict the quality of answers with non-textual features},
	author={Jeon, Jiwoon and Croft, W Bruce and Lee, Joon Ho and Park, Soyeon},
	booktitle={Proceedings of the 29th annual international ACM SIGIR conference on Research and development in information retrieval},
	pages={228--235},
	year={2006},
	organization={ACM}
}

@inproceedings{vozalis2003analysis,
	title={Analysis of recommender systems algorithms},
	author={Vozalis, Emmanouil and Margaritis, Konstantinos G},
	booktitle={The 6th Hellenic European Conference on Computer Mathematics \& its Applications},
	pages={732--745},
	year={2003}
}

@article{salton5mcgill,
	title={Introduction to modern information retrieval},
	author={Salton, G and McGill, M J},
	journal={International Student Edition},
	year={1983}
}

@book{schutze2008introduction,
	title={Introduction to information retrieval},
	author={Sch{\"u}tze, Hinrich and Manning, Christopher D and Raghavan, Prabhakar},
	volume={39},
	year={2008},
	publisher={Cambridge University Press}
}

@article{resnik1995using,
	title={Using information content to evaluate semantic similarity in a taxonomy},
	author={Resnik, Philip},
	journal={arXiv preprint cmp-lg/9511007},
	year={1995}
}

@article{manyika2011big,
	title={Big data: The next frontier for innovation, competition, and productivity},
	author={Manyika, James and Chui, Michael and Brown, Brad and Bughin, Jacques and Dobbs, Richard and Roxburgh, Charles and Byers, Angela H},
	year={2011}
}

@article{copeland2004colossus,
	title={Colossus: Its origins and originators},
	author={Copeland, B Jack},
	journal={IEEE Annals of the History of Computing},
	number={4},
	pages={38--45},
	year={2004},
	publisher={IEEE}
}

@article{codd1970relational,
	title={A relational model of data for large shared data banks},
	author={Codd, Edgar F},
	journal={Communications of the ACM},
	volume={13},
	number={6},
	pages={377--387},
	year={1970},
	publisher={ACM}
}

@article{devlin1988architecture,
	title={An architecture for a business and information system},
	author={Devlin, Barry A. and Murphy, Paul T.},
	journal={IBM systems Journal},
	volume={27},
	number={1},
	pages={60--80},
	year={1988},
	publisher={IBM}
}

@article{berners1992world,
	title={World-wide web},
	author={Berners-Lee, Timothy J and Cailliau, Robert},
	year={1992},
	publisher={CERN}
}
@article{morris2003evolution,
	title={The evolution of storage systems},
	author={Morris, Robert JT and Truskowski, Brian J},
	journal={IBM systems Journal},
	volume={42},
	number={2},
	pages={205--217},
	year={2003},
	publisher={IBM}
}

@inproceedings{cox1997application,
	title={Application-controlled demand paging for out-of-core visualization},
	author={Cox, Michael and Ellsworth, David},
	booktitle={Visualization'97., Proceedings},
	pages={235--244},
	year={1997},
	organization={IEEE}
}

@article{coffman1998size,
	title={The size and growth rate of the Internet},
	author={Coffman, Kerry G and Odlyzko, Andrew M},
	journal={First Monday},
	volume={3},
	number={10},
	pages={l--25},
	year={1998},
	publisher={Citeseer}
}

@article{laney20013d,
	title={3D data management: Controlling data volume, velocity and variety},
	author={Laney, Doug},
	journal={META group research note},
	volume={6},
	number={70},
	pages={1},
	year={2001}
}

@article{hoch2001software,
	title={Software as a service: Strategic backgrounder},
	author={Hoch, Fred and Kerr, Michael and Griffith, Anne and others},
	journal={Software \& Information Industry Association (SIIA)},
	year={2001}
}

@misc{bryant2008big,
	title={Big-data computing: creating revolutionary breakthroughs in commerce, science and society},
	author={Bryant, Randal and Katz, Randy H and Lazowska, Edward D},
	year={2008},
	publisher={December}
}

@article{gandomi2015beyond,
	title={Beyond the hype: Big data concepts, methods, and analytics},
	author={Gandomi, Amir and Haider, Murtaza},
	journal={International Journal of Information Management},
	volume={35},
	number={2},
	pages={137--144},
	year={2015},
	publisher={Elsevier}
}

@article{singhal2001modern,
	title={Modern information retrieval: A brief overview},
	author={Singhal, Amit and others},
	journal={IEEE Data Eng. Bull.},
	volume={24},
	number={4},
	pages={35--43},
	year={2001}
}

@article{korenius2007principal,
	title={On principal component analysis, cosine and Euclidean measures in information retrieval},
	author={Korenius, Tuomo and Laurikkala, Jorma and Juhola, Martti},
	journal={Information Sciences},
	volume={177},
	number={22},
	pages={4893--4905},
	year={2007},
	publisher={Elsevier}
}

@article{christopher2008introduction,
	title={Introduction to information retrieval},
	author={Christopher, D Manning and Prabhakar, Raghavan and Hinrich, Schutza},
	journal={An Introduction To Information Retrieval},
	volume={151},
	number={177},
	pages={5},
	year={2008}
}

@inproceedings{huang2008similarity,
	title={Similarity measures for text document clustering},
	author={Huang, Anna},
	booktitle={Proceedings of the sixth new zealand computer science research student conference (NZCSRSC2008), Christchurch, New Zealand},
	pages={49--56},
	year={2008}
}

@article{robertson2004understanding,
	title={Understanding inverse document frequency: on theoretical arguments for IDF},
	author={Robertson, Stephen},
	journal={Journal of documentation},
	volume={60},
	number={5},
	pages={503--520},
	year={2004},
	publisher={Emerald Group Publishing Limited}
}

@article{sparck1972statistical,
	title={A statistical interpretation of term specificity and its application in retrieval},
	author={Sparck Jones, Karen},
	journal={Journal of documentation},
	volume={28},
	number={1},
	pages={11--21},
	year={1972},
	publisher={MCB UP Ltd}
}

@inproceedings{ramos2003using,
	title={Using tf-idf to determine word relevance in document queries},
	author={Ramos, Juan and others},
	booktitle={Proceedings of the first instructional conference on machine learning},
	volume={242},
	pages={133--142},
	year={2003}
}

@misc{mccormick2016word2vec,
	title={Word2vec tutorial-the skip-gram model},
	author={McCormick, Chris},
	year={2016},
	publisher={Retrieved}
}

@inproceedings{morin2005hierarchical,
	title={Hierarchical probabilistic neural network language model.},
	author={Morin, Frederic and Bengio, Yoshua},
	booktitle={Aistats},
	volume={5},
	pages={246--252},
	year={2005},
	organization={Citeseer}
}

@article{skipgrammodel,
	title={Word2Vec Tutorial Part I: The Skip-Gram Model.},
	author={Alex Minnaar},
	year={2015},
	date = {2015-04},
	pdf={http://mccormickml.com/assets/word2vec/Alex_Minnaar_Word2Vec_Tutorial_Part_I_The_Skip-Gram_Model.pdf}
}

@article{cbowmodel,
	title={Word2Vec Tutorial Part II: The Continuous Bag-of-Words Model.},
	author={Alex Minnaar},
	year={2015},
	date = {2015-05},
	pdf={http://mccormickml.com/assets/word2vec/Alex_Minnaar_Word2Vec_Tutorial_Part_II_The_Continuous_Bag-of-Words_Model.pdf}
}

@electronic{cbowmodel,
	author = {{Alex Minnaar}},
	year = {18 de {M}ayo de 2015},
	title = {\texttt{http://mccormickml.com/assets/word2vec/Alex_Minnaar_Word2Vec_Tutorial_Part_II_The_Continuous_Bag-of-Words_Model.pdf}}
}

@article{bojanowski2017enriching,
	title={Enriching word vectors with subword information},
	author={Bojanowski, Piotr and Grave, Edouard and Joulin, Armand and Mikolov, Tomas},
	journal={Transactions of the Association for Computational Linguistics},
	volume={5},
	pages={135--146},
	year={2017},
	publisher={MIT Press}
}

@article{li2006sentence,
	title={Sentence similarity based on semantic nets and corpus statistics},
	author={Li, Yuhua and McLean, David and Bandar, Zuhair A and Crockett, Keeley and others},
	journal={IEEE Transactions on Knowledge \& Data Engineering},
	number={8},
	pages={1138--1150},
	year={2006},
	publisher={IEEE}
}

@article{miller1995wordnet,
	title={WordNet: a lexical database for English},
	author={Miller, George A},
	journal={Communications of the ACM},
	volume={38},
	number={11},
	pages={39--41},
	year={1995},
	publisher={ACM}
}

@inproceedings{ribadas2005semantic,
	title={Semantic similarity between sentences through approximate tree matching},
	author={Ribadas, Francisco Jose and Vilares, Manuel and Vilares, Jesus},
	booktitle={Iberian Conference on Pattern Recognition and Image Analysis},
	pages={638--646},
	year={2005},
	organization={Springer}
}

@book{pena2013analisis,
	title={An{\'a}lisis de datos multivariantes},
	author={Pe{\~n}a, Daniel},
	year={2013},
	publisher={McGraw-Hill Espa{\~n}a}
}

@book{xu2008clustering,
	title={Clustering},
	author={Xu, Rui and Wunsch, Don},
	volume={10},
	year={2008},
	publisher={John Wiley \& Sons}
}

@book{everittcluster,
	title={Cluster analysis},
	author={Everitt , B. , Landau , S. , and Leese , M.},
	volume={4},
	year={2001},
	publisher={London: Arnold}
}

@article{chen1995machine,
	title={Machine learning for information retrieval: neural networks, symbolic learning, and genetic algorithms},
	author={Chen, Hsinchun},
	journal={Journal of the American society for Information Science},
	volume={46},
	number={3},
	pages={194--216},
	year={1995},
	publisher={Wiley Online Library}
}

@book{mitchell2013artificial,
	title={An Artificial Intelligence Approach},
	author={Mitchell, RS and Michalski, JG and Carbonell, TM},
	year={2013},
	publisher={Springer}
}

@inproceedings{leale2013novel,
	title={A novel clustering approach for biological data using a new distance based on Gene Ontology},
	author={Leale, Guillermo and Milone, Diego H and Bay{\'a}, Ariel E and Granitto, Pablo Miguel and Stegmayer, Georgina},
	booktitle={XIV Argentine Symposium on Artificial Intelligence (ASAI)-JAIIO 42 (2013).},
	year={2013}
}

@article{gomaa2013survey,
	title={A survey of text similarity approaches},
	author={Gomaa, Wael H and Fahmy, Aly A},
	journal={International Journal of Computer Applications},
	volume={68},
	number={13},
	pages={13--18},
	year={2013},
	publisher={Citeseer}
}
@article{harispe2015semantic,
	title={Semantic similarity from natural language and ontology analysis},
	author={Harispe, S{\'e}bastien and Ranwez, Sylvie and Janaqi, Stefan and Montmain, Jacky},
	journal={Synthesis Lectures on Human Language Technologies},
	volume={8},
	number={1},
	pages={1--254},
	year={2015},
	publisher={Morgan \& Claypool Publishers}
}

@article{jain2010data,
	title={Data clustering: 50 years beyond K-means},
	author={Jain, Anil K},
	journal={Pattern recognition letters},
	volume={31},
	number={8},
	pages={651--666},
	year={2010},
	publisher={Elsevier}
}

@inproceedings{macqueen1967some,
	title={Some methods for classification and analysis of multivariate observations},
	author={MacQueen, James and others},
	booktitle={Proceedings of the fifth Berkeley symposium on mathematical statistics and probability},
	volume={1},
	number={14},
	pages={281--297},
	year={1967},
	organization={Oakland, CA, USA}
}

@article{rdusseeun1987clustering,
	title={Clustering by means of medoids},
	author={RDUSSEEUN, Leonard KAUFMAN Peter J},
	year={1987}
}

@book{kaufman2009finding,
	title={Finding groups in data: an introduction to cluster analysis},
	author={Kaufman, Leonard and Rousseeuw, Peter J},
	volume={344},
	year={2009},
	publisher={John Wiley \& Sons}
}

@inproceedings{condie2010mapreduce,
	title={MapReduce online.},
	author={Condie, Tyson and Conway, Neil and Alvaro, Peter and Hellerstein, Joseph M and Elmeleegy, Khaled and Sears, Russell},
	booktitle={Nsdi},
	volume={10},
	number={4},
	pages={20},
	year={2010}
}

@article{dean2008mapreduce,
	title={MapReduce: simplified data processing on large clusters},
	author={Dean, Jeffrey and Ghemawat, Sanjay},
	journal={Communications of the ACM},
	volume={51},
	number={1},
	pages={107--113},
	year={2008},
	publisher={ACM}
}

@inproceedings{maletic2000data,
	title={Data Cleansing: Beyond Integrity Analysis.},
	author={Maletic, Jonathan I and Marcus, Andrian},
	booktitle={Iq},
	pages={200--209},
	year={2000},
	organization={Citeseer}
}

@incollection{lops2011content,
	title={Content-based recommender systems: State of the art and trends},
	author={Lops, Pasquale and De Gemmis, Marco and Semeraro, Giovanni},
	booktitle={Recommender systems handbook},
	pages={73--105},
	year={2011},
	publisher={Springer}
}

@incollection{schafer2007collaborative,
	title={Collaborative filtering recommender systems},
	author={Schafer, J Ben and Frankowski, Dan and Herlocker, Jon and Sen, Shilad},
	booktitle={The adaptive web},
	pages={291--324},
	year={2007},
	publisher={Springer}
}

@inproceedings{wang2012applicability,
	title={Applicability of demographic recommender system to tourist attractions: A case study on trip advisor},
	author={Wang, Yuanyuan and Chan, Stephen Chi-Fai and Ngai, Grace},
	booktitle={2012 IEEE/WIC/ACM International Conferences on Web Intelligence and Intelligent Agent Technology},
	volume={3},
	pages={97--101},
	year={2012},
	organization={IEEE}
}

@article{burke2000knowledge,
	title={Knowledge-based recommender systems},
	author={Burke, Robin},
	journal={Encyclopedia of library and information systems},
	volume={69},
	number={Supplement 32},
	pages={175--186},
	year={2000}
}

@inproceedings{shardanand1995social,
	title={Social information filtering: algorithms for automating “word of mouth”},
	author={Shardanand, Upendra and Maes, Pattie},
	booktitle={Proceedings of the SIGCHI conference on Human factors in computing systems},
	pages={210--217},
	year={1995}
}

@inproceedings{chen2009community,
	title={Community-based recommender systems: Analyzing business models from a systems operator's perspective},
	author={Chen, Pei-Yu and Chou, Yen-Chun and Kauffman, Robert J},
	booktitle={2009 42nd Hawaii International Conference on System Sciences},
	pages={1--10},
	year={2009},
	organization={IEEE}
}

@inproceedings{sinha2001comparing,
	title={Comparing recommendations made by online systems and friends.},
	author={Sinha, Rashmi R and Swearingen, Kirsten and others},
	booktitle={DELOS},
	year={2001}
}

@incollection{burke2007hybrid,
	title={Hybrid web recommender systems},
	author={Burke, Robin},
	booktitle={The adaptive web},
	pages={377--408},
	year={2007},
	publisher={Springer}
}
@article{kodinariya2013review,
	title={Review on determining number of Cluster in K-Means Clustering},
	author={Kodinariya, Trupti M and Makwana, Prashant R},
	journal={International Journal},
	volume={1},
	number={6},
	pages={90--95},
	year={2013}
}

@article{bholowalia2014ebk,
	title={EBK-means: A clustering technique based on elbow method and k-means in WSN},
	author={Bholowalia, Purnima and Kumar, Arvind},
	journal={International Journal of Computer Applications},
	volume={105},
	number={9},
	year={2014},
	publisher={Citeseer}
}

@article{provost1998glossary,
	title={Glossary of terms},
	author={Provost, Foster and Kohavi, R},
	journal={Journal of Machine Learning},
	volume={30},
	number={2-3},
	pages={271--274},
	year={1998}
}

@article{meng2016mllib,
	title={Mllib: Machine learning in apache spark},
	author={Meng, Xiangrui and Bradley, Joseph and Yavuz, Burak and Sparks, Evan and Venkataraman, Shivaram and Liu, Davies and Freeman, Jeremy and Tsai, DB and Amde, Manish and Owen, Sean and others},
	journal={The Journal of Machine Learning Research},
	volume={17},
	number={1},
	pages={1235--1241},
	year={2016},
	publisher={JMLR. org}
}

@inproceedings{launchbury1993lazy,
	title={Lazy imperative programming},
	author={Launchbury, John},
	booktitle={Workshop on State in Programming Languages, Copenhagen, Denmark, ACM},
	year={1993}
}

@inproceedings{zhang2012optimizing,
	title={Optimizing data shuffling in data-parallel computation by understanding user-defined functions},
	author={Zhang, Jiaxing and Zhou, Hucheng and Chen, Rishan and Fan, Xuepeng and Guo, Zhenyu and Lin, Haoxiang and Li, Jack Y and Lin, Wei and Zhou, Jingren and Zhou, Lidong},
	booktitle={Presented as part of the 9th $\{$USENIX$\}$ Symposium on Networked Systems Design and Implementation ($\{$NSDI$\}$ 12)},
	pages={295--308},
	year={2012}
}

@article{pokorny2013nosql,
	title={NoSQL databases: a step to database scalability in web environment},
	author={Pokorny, Jaroslav},
	journal={International Journal of Web Information Systems},
	year={2013},
	publisher={Emerald Group Publishing Limited}
}

@book{tabachnick2007experimental,
	title={Experimental designs using ANOVA},
	author={Tabachnick, Barbara G and Fidell, Linda S},
	year={2007},
	publisher={Thomson/Brooks/Cole Belmont, CA}
}

@article{abdi2010tukey,
	title={Tukey’s honestly significant difference (HSD) test},
	author={Abdi, Herv{\'e} and Williams, Lynne J},
	journal={Encyclopedia of research design},
	volume={3},
	pages={583--585},
	year={2010},
	publisher={Sage Thousand Oaks, CA}
}

@inproceedings{janardhanan2020optimum,
	title={Optimum Parallelism in Spark Framework on Hadoop YARN for Maximum Cluster Resource Utilization},
	author={Janardhanan, PS and Samuel, Philip},
	booktitle={First International Conference on Sustainable Technologies for Computational Intelligence},
	pages={351--363},
	year={2020},
	organization={Springer}
}

@book{cormen2009introduction,
	title={Introduction to algorithms},
	author={Cormen, Thomas H and Leiserson, Charles E and Rivest, Ronald L and Stein, Clifford},
	year={2009},
	publisher={MIT press}
}